@misc{ref1:1,
	author = "Uli Wagner",
	title  = "{Graphs and Algorithms: Advanced Topics, List Colorings}"
	}
@article{ref2:2,
	author = "Alesina, Alberto, Sule Ozler, Nouriel Roubini, and Phillip Swagel",
	title = "{Political Instability and Economic Growth}",
	journal = "Journal of Economic Growth",
	volume = "1",
	number = "2",
	pages = "189-211",
	year = "1996",
	DOI = "https://link.springer.com/article/10.1007%2FBF00138862"
}